2242 4075
373 381 524 451 506

375 553 653 626 terque,
725 538 1064 624 quidquid
1126 551 1371 606 contra
1427 540 1734 622 dixeriS,
1818 541 1904 608 de
1951 545 2145 611 bona

375 642 514 708 fide
553 656 670 710 tua
707 645 1147 714 dubitabunt.

569 847 702 912 Fac
755 869 960 934 porro
1033 859 1100 910 te
1170 841 1309 910 hoc
1364 845 1783 914 adminiculo
1854 845 2151 936 discipli·

375 971 503 1014 nae
547 950 830 1017 moralis
876 950 1195 1014 rudiores
1230 946 1505 1014 trahere
1557 955 1627 1014 in
1662 963 1851 1014 tuam
1890 949 2148 1032 senten-

377 1058 542 1116 tiam
607 1051 828 1142 posset
917 1053 1095 1136 quid
1164 1049 1287 1115 fiet
1324 1051 1928 1139 ‘intelligentibuffi
2024 1053 2151 1120 five

377 1160 668 1246 inimici
717 1153 839 1219 fint
908 1159 1100 1220 omni
1174 1153 1501 1220 revelatae
1557 1155 1917 1242 religioni,
2015 1153 2150 1224 five

293 1269 303 1274 “
381 1279 528 1324 earn
561 1263 751 1322 omni
793 1264 1025 1322 animo
1066 1256 1579 1346 amplectantur.
1682 1258 1797 1324 Illi
1842 1260 2143 1343 quidem,

297 1391 306 1400 ·
377 1357 424 1438 fi
471 1362 807 1437 viderint,
887 1372 954 1424 te
993 1358 1343 1447 segregare
1388 1382 1427 1429 a
1478 1358 1681 1425 libris
1737 1358 1975 1449 sacris·
2008 1385 2145 1428 om·

379 1468 530 1542 nia,
609 1485 781 1548 quae
833 1461 1008 1526 nihil
1083 1463 1171 1526 ad
1219 1483 1451 1528 mores
1507 1461 1802 1542 faciant,
1880 1461 2148 1530 histori-

369 1587 626 1656 amque
667 1579 746 1630 et·
781 1565 1223 1630 theoreticam
1262 1579 1521 1654 partem
1576 1564 1957 1653 negligere,
2028 1569 2153 1632 du-

379 1674 632 1734 morem
681 1665 975 1748 sensum,
1041 1666 1086 1730 fi
1132 1671 1447 1732 moribus
1502 1668 1879 1756 profuerit,
1958 1692 2153 1760 prae·

379 1770 564 1838 ferre
599 1776 697 1850 ei,
757 1775 878 1856 qui
937 1791 1059 1860 per
1103 1778 1581 1858 grammaticas
1629 1770 1817 1857 leges
1887 1769 2157 1846 histori-

373 1895 620 1956 amque
654 1885 946 1938 veterem
983 1873 1523 1952 commendetur,
1576 1886 1645 1936 et
1696 1873 2161 1942 intolerabilia

359 1973 695 2043 ‘callidius
741 1979 1163 2063 pragmatica
1203 1981 1767 2063 interpretatione
1819 1982 2160 2067 mitigare,

381 2078 798 2169 desperatam
832 2078 1185 2167 putabunt.
1204 2072 1549 2141 librorum
1588 2078 1927 2143 sacrorum
1969 2082 2163 2147 caus-

381 2179 542 2245 sam.
610 2180 954 2256 ‘Etenim,
1025 2183 1182 2263 qui,
1230 2176 1495 2245 deserto
1548 2178 1881 2245 literalis.
1929 2204 2156 2270 gram·

380 2286 635 2348 matico
675 2279 1021 2345 sacrorum
1054 2280 1396 2348 librorum
1433 2280 1653 2361 sensu,
1704 2282 1918 2349 alium
1948 2308 2155 2370 quae-

377 2384 616 2465 fivere,
679 2385 796 2447 vel
849 2382 1067 2474 ipsum
1103 2380 1535 2471 scriptorem,
1605 2386 1957 2468 viderunt,
2014 2412 2156 2454 non

373 2500 514 2554 tam
575 2488 838 2566 verbis,
936 2498 1114 2551 certe
1160 2508 1303 2549 non
1356 2490 1444 2552 iis
1508 2484 1675 2551 solis
1738 2486 1935 2553 usum
1994 2490 2157 2570 esse,

378 2613 585 2679 quam
649 2592 856 2655 rebus
905 2593 1136 2679 potius
1196 2586 1521 2655 adhibitis
1576 2589 1833 2679 aliquid
1909 2594 2155 2669 adum·

379 2698 581 2760 brare
637 2690 950 2771 voluisse,
1043 2692 1190 2771 vel,
1289 2713 1463 2776 quae
1528 2694 1751 2758 verbis
1808 2696 2156 2785 expressas

375 2796 491 2892 res
541 2793 971 2887 reperissent,
1055 2794 1215 2857 Deo
1264 2792 1543 2885 prorsus
1592 2796 1953 2883 indignas,
2042 2802 2158 2865 vel

379 2893 613 2966 'divino
669 2898 954 2963 oraculo
1002 2918 1143 2962 non
1176 2895 1331 2961 satis
1384 2898 1660 2985 dignas,
1728 2893 2158 2969 existimave-

373 3016 562 3071 runt.
703 2999 841 3091 Qui
883 2986 1184 3089 primam
1232 3012 1468 3065 tenent
1516 3004 1589 3063 in
1636 3005 2157 3091 interpretando

373 3111 592 3184 viam,
667 3109 1038 3173 verborum
1089 3102 1338 3169 nolunt
1383 3102 1945 3191 significationem
2000 3106 2157 3175 satis

313 3204 318 3212 ⁴
379 3214 650 3275 obviam
711 3228 1138 3297 proponere,
1225 3204 1335 3271 sed
1385 3208 1946 3279 rerum-tradere
2016 3210 2159 3275 sen·

377 3310 523 3377 sum
555 3360 574 3392 ,
674 3333 801 3375 nec
864 3310 972 3373 illi
1040 3328 1238 3373 aures
1282 3310 1743 3397 'intelligentis
1824 3312 2161 3398 cujusque

379 3414 768 3494 offendent,
849 3411 892 3477 fi
958 3412 1242 3497 quidem
1310 3412 1739 3503 probabilem
1806 3420 2160 3484 rationem

335 3515 340 3521 ’
371 3516 696 3593 afferant,
766 3539 888 3581 cur
923 3516 1178 3581 sacrum
1211 3513 1607 3605 scriptorem
1640 3508 1782 3581 non
1822 3530 1962 3583 tam
2004 3540 2159 3587 ver-

369 3621 478 3689 bis
527 3642 735 3708 quam
797 3622 1008 3689 rebus
1059 3618 1318 3705 aliquid
1362 3621 1615 3687 docere
1674 3620 1973 3715 voluisse*
2014 3646 2153 3713 pu·
