2242 4075
1776 316 1920 389 ¹¹7

91 448 392 521 ·lubris
425 449 1004 532 celebrandarum,
1057 445 1462 544 cupidissimi
1500 435 1707 517 essent
1740 445 1917 543 (cap.

161 551 362 636 VIII,
427 550 538 619 13.
585 553 676 638 Χ,
717 563 822 658 14.
880 553 1076 641 seq),
1147 559 1231 621 de
1281 576 1567 622 numero
1613 551 1922 648 prosely-

161 665 400 724 torum
439 631 726 736 fuisse,
787 663 940 744 qui,
1034 655 1280 724 etiamsi
1346 657 1555 724 Mofis
1620 655 1922 724 instituta

157 761 313 822 ‘non
374 764 653 826 omnino
721 759 1191 846 sequerentur,
1302 773 1481 826 certe
1545 781 1683 825 non
1759 758 1921 825 fana

154 859 694 946 frequentabant
737 877 852 928 aut
907 863 1129 953 epulis
1172 863 1530 956 gentilium
1567 861 1771 928 sacris
1816 860 1957 926 so·-

155 961 794 1046 lebantjnteresse,
867 989 1024 1033 eum
1074 966 1316 1034 scirent
1360 966 1498 1034 hoc
1538 961 1925 1032 manifestae
1986 981 2006 1054 j

153 1065 601 1136 idololatriae
633 1067 1114 1158 professionem
1149 1069 1422 1158 haberi,
1490 1091 1618 1134 nec
1648 1073 1722 1133 in
1755 1087 1921 1156 pro·

156 1165 394 1262 selytis
457 1173 739 1258 quidem
802 1175 1140 1244 numerati
1200 1171 1504 1253 fuissent,
1585 1167 1631 1236 fi
1681 1191 1769 1234 ne
1830 1169 1921 1236 ab

155 1268 305 1335 hoc
351 1262 628 1358 quidem
673 1271 916 1341 scelere
947 1274 1259 1344 cavissent
1300 1273 1437 1340 fibi.
1543 1275 1918 1340 Enimvero

161 1371 454 1440 Paullus
500 1381 570 1442 in
627 1378 861 1439 eadem
909 1377 1191 1464 epistola
1239 1380 1516 1457 eadem,
1599 1389 1677 1440 ut
1722 1375 1923 1462 supra

167 1472 522 1554 diximus,
587 1473 928 1560 fugienda
970 1473 1201 1560 jubet,
1293 1501 1465 1564 quae
1518 1475 1917 1566 Hierosoly-

80 1576 93 1589 *
159 1581 434 1642 mitano
489 1575 885 1674 prohibita
895 1577 1102 1644 essent
1147 1580 1457 1657 decretu,
1549 1578 1975 1662 eademque

159 1677 254 1743 de
310 1677 522 1746 caussa
551 1673 639 1744 h.
677 1702 732 1744 e.
800 1701 890 1744 ne
942 1685 1017 1744 in
1081 1678 1527 1772 suspicionem
1588 1677 1921 1772 probatae
2030 1731 2039 1746 .

161 1782 612 1848 idololatriae
659 1781 1006 1862 venirent,
1084 1781 1647 1868 offenderentque
1678 1783 1923 1848 Judae-

160 1887 648 1970 os.1taque,
712 1907 868 1950 cum
918 1881 1079 1951 huic
1119 1887 1395 1952 decreto
1443 1886 1921 1952 accommoda-

159 1985 406 2055 tisfime
454 1982 745 2078 disputet
791 1985 1110 2069 Paullus,
1182 1986 1307 2055 his
1356 2011 1693 2075 quoque,
1775 2009 1922 2054 non

159 2090 326 2159 solis
381 2090 780 2187 proselytis,
848 2090 1026 2154 illud
1075 2090 1397 2179 scriptum
1450 2088 1611 2171 esse,
1674 2090 1920 2156 confir-

161 2206 326 2260 mat.
429 2192 682 2279 Neque
705 2211 837 2261 cur
861 2187 956 2255 ita
992 2191 1393 2269 statuamuS,
1446 2192 1731 2294 impedit
1763 2189 1921 2274 hoc',

165 2296 359 2382 quod
409 2294 597 2360 istius
657 2283 945 2383 responsi
979 2292 1246 2358 nullam
1296 2300 1714 2358 mentionem
1759 2294 1927 2375 inje-

165 2396 360 2466 cerit.
425 2388 706 2483 Neque
757 2400 940 2461 enim
973 2400 1247 2495 magis
1238 2400 1311 2459 in
1361 2394 1640 2483 epistoia
1674 2396 1759 2470 ad
1796 2396 1927 2465 Ga-

161 2501 378 2579 latas,
443 2506 622 2585 quae
665 2503 924 2589 pariter
971 2494 1064 2563 est
1097 2519 1175 2575 ac
1218 2496 1341 2564 illa
1390 2498 1476 2564 ad
1518 2498 1929 2565 Corinthios

166 2604 322 2693 post
370 2601 544 2666 istud
599 2603 942 2679 decretum
992 2598 1275 2693 scripta,
1336 2614 1670 2690 provocat
1708 2604 1789 2665 ad
1830 2602 1927 2667 la·
1936 2626 1970 2634 -

170 2718 312 2769 tam
377 2702 552 2769 hanc
617 2706 701 2769 ab
757 2702 1113 2794 Apostolis
1182 2701 1617 2785 sententiam,
1691 2710 1929 2788 ‘neque

164 2812 240 2878 :in
284 2806 468 2873 Petri
519 2804 951 2895 castigatione
1001 2827 1146 2894 cap.
1172 2806 1260 2870 11.
1310 2804 1393 2871 ei‘
1425 2804 1753 2875 hactenus
1804 2830 1927 2871 ex-

165 2914 455 3001 probrat
519 2906 1086 2985 inconstantiam,
1184 2911 1373 2994 quod
1432 2909 1708 2977 decreto
1767 2932 1807 2973 a
1862 2906 1927 2973 se

165 3012 314 3127 ipso
361 3012 656 3101 probato
705 3010 794 3076 ad
855 3010 1517 3097 deliberandumque
1571 3008 1934 3101 proposito
2010 3032 2029 3037 ·

168 3136 602 3203 nequaquam
645 3111 916 3185 steterit
1071 3111 1183 3179 Ac
1237 3120 1469 3203 potuit
1516 3118 1591 3177 in
1644 3111 1925 3203 epistola
2012 3183 2016 3187 ,

170 3218 562 3286 Corinthiis
609 3214 840 3281 dicata
876 3216 1019 3281 hoc
1061 3222 1598 3305 praetermittere
1628 3204 1923 3294 silentio,

168 3344 288 3403 ne,
387 3335 730 3405 tamquam
779 3317 1193 3409 Apostolus,
1293 3324 1411 3405 qui
1462 3318 1654 3383 suam
1719 3316 1927 3383 vellet

171 3418 648 3489 auctoritatem
709 3420 1110 3502 defendere,
1190 3443 1317 3485 nec
1389 3424 1619 3484 minor
1680 3424 1921 3486 ceteris

169 3526 413 3593 haberi
445 3572 467 3608 ,
561 3536 922 3619 putaretur
992 3545 1082 3590 ex
1148 3522 1447 3591 aliorum
1526 3527 1927 3588 auctoritate
